{
  "orders": [
    {
      "orderId": 1,
      "orderDate": "2021-04-28T08:20:58Z",
      "status": "Confirmed",
      "sellerName": "Chris Gilmour",
      "revenue": 2316.49
    },
    {
      "orderId": 2,
      "orderDate": "2020-12-19T12:30:18Z",
      "status": "Confirmed",
      "sellerName": "Alanna Sumner",
      "revenue": 2928.88
    },
    {
      "orderId": 3,
      "orderDate": "2021-03-09T11:01:09Z",
      "status": "Confirmed",
      "sellerName": "Alanna Sumner",
      "revenue": 16.04
    },
    {
      "orderId": 4,
      "orderDate": "2020-12-24T08:00:09Z",
      "status": "Confirmed",
      "sellerName": "Beth North",
      "revenue": 1550.19
    },
    {
      "orderId": 5,
      "orderDate": "2021-06-06T04:40:48Z",
      "status": "Confirmed",
      "sellerName": "Laura Ponce",
      "revenue": 35.5
    },
    {
      "orderId": 6,
      "orderDate": "2021-09-13T07:53:14Z",
      "status": "Confirmed",
      "sellerName": "Alanna Sumner",
      "revenue": 1972.84
    },
    {
      "orderId": 7,
      "orderDate": "2021-10-08T20:51:17Z",
      "status": "Confirmed",
      "sellerName": "Alanna Sumner",
      "revenue": 2141.54
    },
    {
      "orderId": 8,
      "orderDate": "2021-08-27T05:13:40Z",
      "status": "Canceled",
      "sellerName": "Blade Newman",
      "revenue": 2957.29
    },
    {
      "orderId": 9,
      "orderDate": "2020-12-26T08:07:57Z",
      "status": "Confirmed",
      "sellerName": "Alanna Sumner",
      "revenue": 2164.75
    },
    {
      "orderId": 10,
      "orderDate": "2021-04-23T18:44:19Z",
      "status": "Confirmed",
      "sellerName": "Blade Newman",
      "revenue": 2287.55
    },
    {
      "orderId": 11,
      "orderDate": "2021-03-17T22:36:17Z",
      "status": "Canceled",
      "sellerName": "Laura Ponce",
      "revenue": 2778.29
    },
    {
      "orderId": 12,
      "orderDate": "2021-10-05T14:14:18Z",
      "status": "Confirmed",
      "sellerName": "Beth North",
      "revenue": 74.65
    },
    {
      "orderId": 13,
      "orderDate": "2021-06-19T06:09:03Z",
      "status": "Canceled",
      "sellerName": "Laura Ponce",
      "revenue": 1238.53
    },
    {
      "orderId": 14,
      "orderDate": "2020-12-18T07:41:36Z",
      "status": "Canceled",
      "sellerName": "Sahar Elliott",
      "revenue": 1687.05
    },
    {
      "orderId": 15,
      "orderDate": "2021-06-07T17:12:37Z",
      "status": "Confirmed",
      "sellerName": "Beth North",
      "revenue": 2677.52
    },
    {
      "orderId": 16,
      "orderDate": "2021-03-22T18:58:11Z",
      "status": "Confirmed",
      "sellerName": "Alanna Sumner",
      "revenue": 2642.45
    },
    {
      "orderId": 17,
      "orderDate": "2021-06-29T03:32:12Z",
      "status": "Confirmed",
      "sellerName": "Sahar Elliott",
      "revenue": 1795.4
    },
    {
      "orderId": 18,
      "orderDate": "2021-04-07T14:42:15Z",
      "status": "Confirmed",
      "sellerName": "Sahar Elliott",
      "revenue": 809.89
    },
    {
      "orderId": 19,
      "orderDate": "2021-05-14T15:06:31Z",
      "status": "Confirmed",
      "sellerName": "Beth North",
      "revenue": 1682.8
    },
    {
      "orderId": 20,
      "orderDate": "2021-02-27T11:36:10Z",
      "status": "Confirmed",
      "sellerName": "Blade Newman",
      "revenue": 1225.99
    },
    {
      "orderId": 21,
      "orderDate": "2021-03-19T00:27:22Z",
      "status": "Confirmed",
      "sellerName": "Olive Garrett",
      "revenue": 718.1
    },
    {
      "orderId": 22,
      "orderDate": "2020-11-06T20:26:31Z",
      "status": "Confirmed",
      "sellerName": "Alanna Sumner",
      "revenue": 2741.32
    },
    {
      "orderId": 23,
      "orderDate": "2021-07-12T00:02:57Z",
      "status": "Confirmed",
      "sellerName": "Alanna Sumner",
      "revenue": 1719.22
    },
    {
      "orderId": 24,
      "orderDate": "2021-04-29T09:30:25Z",
      "status": "Confirmed",
      "sellerName": "Laura Ponce",
      "revenue": 2446.39
    },
    {
      "orderId": 25,
      "orderDate": "2021-04-21T13:46:27Z",
      "status": "Confirmed",
      "sellerName": "Chris Gilmour",
      "revenue": 242.94
    },
    {
      "orderId": 26,
      "orderDate": "2021-01-05T04:03:44Z",
      "status": "Canceled",
      "sellerName": "Olive Garrett",
      "revenue": 1253.77
    },
    {
      "orderId": 27,
      "orderDate": "2021-07-19T03:50:31Z",
      "status": "Confirmed",
      "sellerName": "Beth North",
      "revenue": 2394.55
    },
    {
      "orderId": 28,
      "orderDate": "2021-09-30T15:34:24Z",
      "status": "Confirmed",
      "sellerName": "Sahar Elliott",
      "revenue": 2664.08
    },
    {
      "orderId": 29,
      "orderDate": "2021-07-15T05:29:47Z",
      "status": "Canceled",
      "sellerName": "Olive Garrett",
      "revenue": 1835.84
    },
    {
      "orderId": 30,
      "orderDate": "2021-08-08T21:11:34Z",
      "status": "Confirmed",
      "sellerName": "Sahar Elliott",
      "revenue": 197.16
    },
    {
      "orderId": 31,
      "orderDate": "2021-02-27T21:19:16Z",
      "status": "Confirmed",
      "sellerName": "Laura Ponce",
      "revenue": 792.52
    },
    {
      "orderId": 32,
      "orderDate": "2021-06-01T21:36:21Z",
      "status": "Confirmed",
      "sellerName": "Beth North",
      "revenue": 512.49
    },
    {
      "orderId": 33,
      "orderDate": "2021-09-03T23:38:19Z",
      "status": "Confirmed",
      "sellerName": "Sahar Elliott",
      "revenue": 286.17
    },
    {
      "orderId": 34,
      "orderDate": "2020-12-26T15:11:51Z",
      "status": "Confirmed",
      "sellerName": "Beth North",
      "revenue": 113.46
    },
    {
      "orderId": 35,
      "orderDate": "2021-08-15T14:18:32Z",
      "status": "Canceled",
      "sellerName": "Beth North",
      "revenue": 563.93
    },
    {
      "orderId": 36,
      "orderDate": "2021-07-17T20:26:23Z",
      "status": "Canceled",
      "sellerName": "Blade Newman",
      "revenue": 529.86
    },
    {
      "orderId": 37,
      "orderDate": "2020-12-20T19:34:29Z",
      "status": "Confirmed",
      "sellerName": "Beth North",
      "revenue": 843.8
    },
    {
      "orderId": 38,
      "orderDate": "2020-12-05T20:14:58Z",
      "status": "Confirmed",
      "sellerName": "Chris Gilmour",
      "revenue": 2953.2
    },
    {
      "orderId": 39,
      "orderDate": "2021-04-04T19:56:56Z",
      "status": "Confirmed",
      "sellerName": "Laura Ponce",
      "revenue": 1864.22
    },
    {
      "orderId": 40,
      "orderDate": "2021-01-15T20:10:00Z",
      "status": "Confirmed",
      "sellerName": "Alanna Sumner",
      "revenue": 2622.39
    },
    {
      "orderId": 41,
      "orderDate": "2021-07-20T09:04:17Z",
      "status": "Confirmed",
      "sellerName": "Beth North",
      "revenue": 2996.36
    },
    {
      "orderId": 42,
      "orderDate": "2021-03-24T21:23:13Z",
      "status": "Confirmed",
      "sellerName": "Sahar Elliott",
      "revenue": 1641.98
    },
    {
      "orderId": 43,
      "orderDate": "2021-04-06T00:16:33Z",
      "status": "Confirmed",
      "sellerName": "Sahar Elliott",
      "revenue": 1043.66
    },
    {
      "orderId": 44,
      "orderDate": "2021-01-05T17:23:08Z",
      "status": "Confirmed",
      "sellerName": "Alanna Sumner",
      "revenue": 400.88
    },
    {
      "orderId": 45,
      "orderDate": "2021-09-21T04:24:12Z",
      "status": "Canceled",
      "sellerName": "Sahar Elliott",
      "revenue": 2266.64
    },
    {
      "orderId": 46,
      "orderDate": "2020-12-14T20:59:52Z",
      "status": "Canceled",
      "sellerName": "Blade Newman",
      "revenue": 83.38
    },
    {
      "orderId": 47,
      "orderDate": "2021-01-23T04:29:32Z",
      "status": "Confirmed",
      "sellerName": "Laura Ponce",
      "revenue": 2107.41
    },
    {
      "orderId": 48,
      "orderDate": "2021-08-23T20:52:49Z",
      "status": "Canceled",
      "sellerName": "Alanna Sumner",
      "revenue": 1885.49
    },
    {
      "orderId": 49,
      "orderDate": "2020-12-18T09:53:56Z",
      "status": "Confirmed",
      "sellerName": "Alanna Sumner",
      "revenue": 1889.26
    },
    {
      "orderId": 50,
      "orderDate": "2020-12-21T00:07:02Z",
      "status": "Confirmed",
      "sellerName": "Blade Newman",
      "revenue": 2746.91
    },
    {
      "orderId": 51,
      "orderDate": "2021-01-23T23:46:15Z",
      "status": "Confirmed",
      "sellerName": "Beth North",
      "revenue": 153.61
    },
    {
      "orderId": 52,
      "orderDate": "2021-02-20T21:10:42Z",
      "status": "Confirmed",
      "sellerName": "Blade Newman",
      "revenue": 2835.43
    },
    {
      "orderId": 53,
      "orderDate": "2021-10-23T10:23:14Z",
      "status": "Confirmed",
      "sellerName": "Sahar Elliott",
      "revenue": 457.15
    },
    {
      "orderId": 54,
      "orderDate": "2021-02-26T09:50:37Z",
      "status": "Confirmed",
      "sellerName": "Olive Garrett",
      "revenue": 69.35
    },
    {
      "orderId": 55,
      "orderDate": "2021-05-14T21:22:06Z",
      "status": "Confirmed",
      "sellerName": "Olive Garrett",
      "revenue": 746.76
    },
    {
      "orderId": 56,
      "orderDate": "2021-10-08T17:14:45Z",
      "status": "Confirmed",
      "sellerName": "Alanna Sumner",
      "revenue": 828.12
    },
    {
      "orderId": 57,
      "orderDate": "2020-11-19T00:59:26Z",
      "status": "Confirmed",
      "sellerName": "Chris Gilmour",
      "revenue": 90.9
    },
    {
      "orderId": 58,
      "orderDate": "2021-05-03T22:25:12Z",
      "status": "Canceled",
      "sellerName": "Beth North",
      "revenue": 536.84
    },
    {
      "orderId": 59,
      "orderDate": "2021-07-24T02:13:13Z",
      "status": "Confirmed",
      "sellerName": "Laura Ponce",
      "revenue": 41.96
    },
    {
      "orderId": 60,
      "orderDate": "2021-10-20T05:15:10Z",
      "status": "Confirmed",
      "sellerName": "Alanna Sumner",
      "revenue": 1488.27
    },
    {
      "orderId": 61,
      "orderDate": "2021-10-08T04:37:47Z",
      "status": "Confirmed",
      "sellerName": "Beth North",
      "revenue": 682.15
    },
    {
      "orderId": 62,
      "orderDate": "2021-03-13T15:03:42Z",
      "status": "Confirmed",
      "sellerName": "Laura Ponce",
      "revenue": 1683.21
    },
    {
      "orderId": 63,
      "orderDate": "2021-04-03T10:43:38Z",
      "status": "Confirmed",
      "sellerName": "Olive Garrett",
      "revenue": 2221.05
    },
    {
      "orderId": 64,
      "orderDate": "2021-04-28T01:17:04Z",
      "status": "Confirmed",
      "sellerName": "Olive Garrett",
      "revenue": 1138.87
    },
    {
      "orderId": 65,
      "orderDate": "2020-12-22T05:11:09Z",
      "status": "Confirmed",
      "sellerName": "Olive Garrett",
      "revenue": 2265.84
    },
    {
      "orderId": 66,
      "orderDate": "2021-04-02T02:10:22Z",
      "status": "Confirmed",
      "sellerName": "Chris Gilmour",
      "revenue": 2119.99
    },
    {
      "orderId": 67,
      "orderDate": "2021-10-07T21:33:23Z",
      "status": "Canceled",
      "sellerName": "Alanna Sumner",
      "revenue": 2266.3
    },
    {
      "orderId": 68,
      "orderDate": "2020-11-24T02:26:22Z",
      "status": "Confirmed",
      "sellerName": "Alanna Sumner",
      "revenue": 687.25
    },
    {
      "orderId": 69,
      "orderDate": "2021-06-08T06:50:07Z",
      "status": "Confirmed",
      "sellerName": "Olive Garrett",
      "revenue": 1672.34
    },
    {
      "orderId": 70,
      "orderDate": "2021-07-12T23:58:05Z",
      "status": "Canceled",
      "sellerName": "Sahar Elliott",
      "revenue": 2374.2
    },
    {
      "orderId": 71,
      "orderDate": "2021-10-18T11:40:39Z",
      "status": "Confirmed",
      "sellerName": "Alanna Sumner",
      "revenue": 1096.46
    },
    {
      "orderId": 72,
      "orderDate": "2021-05-09T22:26:29Z",
      "status": "Confirmed",
      "sellerName": "Alanna Sumner",
      "revenue": 937.39
    },
    {
      "orderId": 73,
      "orderDate": "2021-01-22T18:09:59Z",
      "status": "Confirmed",
      "sellerName": "Chris Gilmour",
      "revenue": 2713.04
    },
    {
      "orderId": 74,
      "orderDate": "2021-05-29T23:47:47Z",
      "status": "Confirmed",
      "sellerName": "Chris Gilmour",
      "revenue": 2376.15
    },
    {
      "orderId": 75,
      "orderDate": "2021-10-27T02:31:10Z",
      "status": "Confirmed",
      "sellerName": "Laura Ponce",
      "revenue": 1756.87
    },
    {
      "orderId": 76,
      "orderDate": "2021-01-02T04:43:44Z",
      "status": "Confirmed",
      "sellerName": "Chris Gilmour",
      "revenue": 1546.74
    },
    {
      "orderId": 77,
      "orderDate": "2020-12-01T03:37:13Z",
      "status": "Confirmed",
      "sellerName": "Olive Garrett",
      "revenue": 1714.81
    },
    {
      "orderId": 78,
      "orderDate": "2021-03-24T04:04:04Z",
      "status": "Confirmed",
      "sellerName": "Alanna Sumner",
      "revenue": 350.12
    },
    {
      "orderId": 79,
      "orderDate": "2020-12-30T07:11:51Z",
      "status": "Canceled",
      "sellerName": "Sahar Elliott",
      "revenue": 2567.64
    },
    {
      "orderId": 80,
      "orderDate": "2021-08-02T22:10:33Z",
      "status": "Confirmed",
      "sellerName": "Olive Garrett",
      "revenue": 1730.58
    },
    {
      "orderId": 81,
      "orderDate": "2021-06-08T17:58:50Z",
      "status": "Confirmed",
      "sellerName": "Chris Gilmour",
      "revenue": 762.93
    },
    {
      "orderId": 82,
      "orderDate": "2021-05-26T15:38:44Z",
      "status": "Confirmed",
      "sellerName": "Beth North",
      "revenue": 746.36
    },
    {
      "orderId": 83,
      "orderDate": "2021-04-26T10:01:15Z",
      "status": "Confirmed",
      "sellerName": "Alanna Sumner",
      "revenue": 2684.3
    },
    {
      "orderId": 84,
      "orderDate": "2021-05-13T02:47:20Z",
      "status": "Confirmed",
      "sellerName": "Blade Newman",
      "revenue": 2658.96
    },
    {
      "orderId": 85,
      "orderDate": "2021-04-27T02:51:57Z",
      "status": "Confirmed",
      "sellerName": "Laura Ponce",
      "revenue": 137.07
    },
    {
      "orderId": 86,
      "orderDate": "2020-11-02T06:12:49Z",
      "status": "Confirmed",
      "sellerName": "Olive Garrett",
      "revenue": 2889.53
    },
    {
      "orderId": 87,
      "orderDate": "2020-11-01T12:08:43Z",
      "status": "Confirmed",
      "sellerName": "Chris Gilmour",
      "revenue": 1004.13
    },
    {
      "orderId": 88,
      "orderDate": "2021-06-02T11:55:52Z",
      "status": "Canceled",
      "sellerName": "Olive Garrett",
      "revenue": 715.52
    },
    {
      "orderId": 89,
      "orderDate": "2020-11-26T11:50:41Z",
      "status": "Canceled",
      "sellerName": "Beth North",
      "revenue": 912.36
    },
    {
      "orderId": 90,
      "orderDate": "2021-01-03T03:16:29Z",
      "status": "Confirmed",
      "sellerName": "Blade Newman",
      "revenue": 1594.99
    },
    {
      "orderId": 91,
      "orderDate": "2021-06-19T17:12:22Z",
      "status": "Confirmed",
      "sellerName": "Olive Garrett",
      "revenue": 2038.26
    },
    {
      "orderId": 92,
      "orderDate": "2021-09-24T14:49:20Z",
      "status": "Confirmed",
      "sellerName": "Alanna Sumner",
      "revenue": 1670.93
    },
    {
      "orderId": 93,
      "orderDate": "2021-01-19T10:54:51Z",
      "status": "Canceled",
      "sellerName": "Laura Ponce",
      "revenue": 1070.27
    },
    {
      "orderId": 94,
      "orderDate": "2021-04-15T08:26:52Z",
      "status": "Confirmed",
      "sellerName": "Alanna Sumner",
      "revenue": 2037.17
    },
    {
      "orderId": 95,
      "orderDate": "2021-10-23T19:54:50Z",
      "status": "Canceled",
      "sellerName": "Chris Gilmour",
      "revenue": 2381.74
    },
    {
      "orderId": 96,
      "orderDate": "2021-08-15T12:05:34Z",
      "status": "Confirmed",
      "sellerName": "Laura Ponce",
      "revenue": 1058.97
    },
    {
      "orderId": 97,
      "orderDate": "2021-05-28T14:14:10Z",
      "status": "Confirmed",
      "sellerName": "Blade Newman",
      "revenue": 1279.86
    },
    {
      "orderId": 98,
      "orderDate": "2020-11-09T10:24:47Z",
      "status": "Confirmed",
      "sellerName": "Beth North",
      "revenue": 2510.17
    },
    {
      "orderId": 99,
      "orderDate": "2020-11-07T00:31:18Z",
      "status": "Canceled",
      "sellerName": "Laura Ponce",
      "revenue": 132.25
    },
    {
      "orderId": 100,
      "orderDate": "2021-02-03T12:37:25Z",
      "status": "Confirmed",
      "sellerName": "Olive Garrett",
      "revenue": 2961.08
    },
    {
      "orderId": 101,
      "orderDate": "2021-07-31T05:22:55Z",
      "status": "Confirmed",
      "sellerName": "Sahar Elliott",
      "revenue": 1725.11
    },
    {
      "orderId": 102,
      "orderDate": "2021-06-02T14:32:26Z",
      "status": "Confirmed",
      "sellerName": "Olive Garrett",
      "revenue": 1603.86
    },
    {
      "orderId": 103,
      "orderDate": "2021-10-07T22:17:44Z",
      "status": "Confirmed",
      "sellerName": "Olive Garrett",
      "revenue": 2119.61
    },
    {
      "orderId": 104,
      "orderDate": "2021-08-10T07:15:40Z",
      "status": "Confirmed",
      "sellerName": "Beth North",
      "revenue": 237.39
    },
    {
      "orderId": 105,
      "orderDate": "2021-08-10T16:30:31Z",
      "status": "Confirmed",
      "sellerName": "Beth North",
      "revenue": 2651.29
    },
    {
      "orderId": 106,
      "orderDate": "2021-07-10T16:47:23Z",
      "status": "Confirmed",
      "sellerName": "Chris Gilmour",
      "revenue": 455.63
    },
    {
      "orderId": 107,
      "orderDate": "2021-03-26T13:31:32Z",
      "status": "Confirmed",
      "sellerName": "Laura Ponce",
      "revenue": 327.68
    },
    {
      "orderId": 108,
      "orderDate": "2021-06-01T10:37:08Z",
      "status": "Confirmed",
      "sellerName": "Laura Ponce",
      "revenue": 138.76
    },
    {
      "orderId": 109,
      "orderDate": "2021-06-16T10:51:30Z",
      "status": "Canceled",
      "sellerName": "Laura Ponce",
      "revenue": 1070.62
    },
    {
      "orderId": 110,
      "orderDate": "2020-12-09T02:49:37Z",
      "status": "Confirmed",
      "sellerName": "Blade Newman",
      "revenue": 1076.3
    },
    {
      "orderId": 111,
      "orderDate": "2021-04-24T03:44:08Z",
      "status": "Confirmed",
      "sellerName": "Sahar Elliott",
      "revenue": 1095.64
    },
    {
      "orderId": 112,
      "orderDate": "2020-11-27T10:59:00Z",
      "status": "Confirmed",
      "sellerName": "Chris Gilmour",
      "revenue": 1377.35
    },
    {
      "orderId": 113,
      "orderDate": "2020-11-10T06:32:12Z",
      "status": "Confirmed",
      "sellerName": "Beth North",
      "revenue": 47.13
    },
    {
      "orderId": 114,
      "orderDate": "2021-05-16T04:43:24Z",
      "status": "Confirmed",
      "sellerName": "Alanna Sumner",
      "revenue": 2390.14
    },
    {
      "orderId": 115,
      "orderDate": "2021-03-03T19:54:47Z",
      "status": "Confirmed",
      "sellerName": "Beth North",
      "revenue": 249.76
    },
    {
      "orderId": 116,
      "orderDate": "2021-09-08T03:29:40Z",
      "status": "Confirmed",
      "sellerName": "Laura Ponce",
      "revenue": 1657.26
    },
    {
      "orderId": 117,
      "orderDate": "2020-12-19T01:31:18Z",
      "status": "Canceled",
      "sellerName": "Chris Gilmour",
      "revenue": 2346.5
    },
    {
      "orderId": 118,
      "orderDate": "2021-06-04T08:05:31Z",
      "status": "Confirmed",
      "sellerName": "Blade Newman",
      "revenue": 73.56
    },
    {
      "orderId": 119,
      "orderDate": "2021-01-13T21:22:02Z",
      "status": "Canceled",
      "sellerName": "Chris Gilmour",
      "revenue": 2994.08
    },
    {
      "orderId": 120,
      "orderDate": "2021-05-13T04:22:52Z",
      "status": "Confirmed",
      "sellerName": "Olive Garrett",
      "revenue": 2459.41
    },
    {
      "orderId": 121,
      "orderDate": "2021-08-19T03:27:55Z",
      "status": "Confirmed",
      "sellerName": "Beth North",
      "revenue": 785.82
    },
    {
      "orderId": 122,
      "orderDate": "2021-06-27T04:25:32Z",
      "status": "Canceled",
      "sellerName": "Laura Ponce",
      "revenue": 624.65
    },
    {
      "orderId": 123,
      "orderDate": "2021-09-25T17:27:37Z",
      "status": "Confirmed",
      "sellerName": "Sahar Elliott",
      "revenue": 254.76
    },
    {
      "orderId": 124,
      "orderDate": "2021-06-24T03:21:18Z",
      "status": "Confirmed",
      "sellerName": "Beth North",
      "revenue": 1181.74
    },
    {
      "orderId": 125,
      "orderDate": "2021-04-03T16:48:12Z",
      "status": "Confirmed",
      "sellerName": "Blade Newman",
      "revenue": 1858.22
    },
    {
      "orderId": 126,
      "orderDate": "2021-09-11T20:33:24Z",
      "status": "Confirmed",
      "sellerName": "Alanna Sumner",
      "revenue": 713.13
    },
    {
      "orderId": 127,
      "orderDate": "2021-06-28T19:58:58Z",
      "status": "Confirmed",
      "sellerName": "Blade Newman",
      "revenue": 1680.19
    },
    {
      "orderId": 128,
      "orderDate": "2020-11-05T06:59:10Z",
      "status": "Canceled",
      "sellerName": "Sahar Elliott",
      "revenue": 2643.1
    },
    {
      "orderId": 129,
      "orderDate": "2020-11-24T21:18:15Z",
      "status": "Confirmed",
      "sellerName": "Olive Garrett",
      "revenue": 2447.12
    },
    {
      "orderId": 130,
      "orderDate": "2021-10-15T23:51:41Z",
      "status": "Canceled",
      "sellerName": "Chris Gilmour",
      "revenue": 253.58
    },
    {
      "orderId": 131,
      "orderDate": "2021-03-27T09:57:09Z",
      "status": "Confirmed",
      "sellerName": "Alanna Sumner",
      "revenue": 1980.11
    },
    {
      "orderId": 132,
      "orderDate": "2021-10-23T00:23:26Z",
      "status": "Confirmed",
      "sellerName": "Blade Newman",
      "revenue": 1339.95
    },
    {
      "orderId": 133,
      "orderDate": "2021-03-04T04:42:32Z",
      "status": "Canceled",
      "sellerName": "Sahar Elliott",
      "revenue": 986.5
    },
    {
      "orderId": 134,
      "orderDate": "2020-11-05T09:25:48Z",
      "status": "Confirmed",
      "sellerName": "Sahar Elliott",
      "revenue": 428.22
    },
    {
      "orderId": 135,
      "orderDate": "2021-04-03T23:26:08Z",
      "status": "Confirmed",
      "sellerName": "Laura Ponce",
      "revenue": 922.09
    },
    {
      "orderId": 136,
      "orderDate": "2021-03-14T06:25:25Z",
      "status": "Confirmed",
      "sellerName": "Blade Newman",
      "revenue": 2653.48
    },
    {
      "orderId": 137,
      "orderDate": "2021-07-21T22:54:03Z",
      "status": "Confirmed",
      "sellerName": "Sahar Elliott",
      "revenue": 1033.87
    },
    {
      "orderId": 138,
      "orderDate": "2021-09-01T09:23:13Z",
      "status": "Canceled",
      "sellerName": "Beth North",
      "revenue": 541.69
    },
    {
      "orderId": 139,
      "orderDate": "2021-03-30T15:04:08Z",
      "status": "Canceled",
      "sellerName": "Chris Gilmour",
      "revenue": 700.89
    },
    {
      "orderId": 140,
      "orderDate": "2021-05-07T14:52:24Z",
      "status": "Confirmed",
      "sellerName": "Laura Ponce",
      "revenue": 2746.84
    },
    {
      "orderId": 141,
      "orderDate": "2021-08-10T02:49:37Z",
      "status": "Confirmed",
      "sellerName": "Olive Garrett",
      "revenue": 1020.0
    },
    {
      "orderId": 142,
      "orderDate": "2021-05-01T14:54:05Z",
      "status": "Confirmed",
      "sellerName": "Chris Gilmour",
      "revenue": 1070.5
    },
    {
      "orderId": 143,
      "orderDate": "2021-01-27T04:34:41Z",
      "status": "Confirmed",
      "sellerName": "Blade Newman",
      "revenue": 2486.75
    },
    {
      "orderId": 144,
      "orderDate": "2021-07-05T02:05:27Z",
      "status": "Canceled",
      "sellerName": "Beth North",
      "revenue": 2804.22
    },
    {
      "orderId": 145,
      "orderDate": "2020-11-10T08:52:13Z",
      "status": "Confirmed",
      "sellerName": "Blade Newman",
      "revenue": 2491.82
    },
    {
      "orderId": 146,
      "orderDate": "2021-06-01T11:08:24Z",
      "status": "Confirmed",
      "sellerName": "Blade Newman",
      "revenue": 2229.66
    },
    {
      "orderId": 147,
      "orderDate": "2021-02-06T19:11:07Z",
      "status": "Confirmed",
      "sellerName": "Chris Gilmour",
      "revenue": 85.25
    },
    {
      "orderId": 148,
      "orderDate": "2021-03-15T02:26:06Z",
      "status": "Canceled",
      "sellerName": "Laura Ponce",
      "revenue": 2365.48
    },
    {
      "orderId": 149,
      "orderDate": "2021-03-16T02:01:07Z",
      "status": "Canceled",
      "sellerName": "Blade Newman",
      "revenue": 80.64
    },
    {
      "orderId": 150,
      "orderDate": "2021-08-28T17:29:19Z",
      "status": "Canceled",
      "sellerName": "Olive Garrett",
      "revenue": 2803.31
    },
    {
      "orderId": 151,
      "orderDate": "2021-05-09T08:03:42Z",
      "status": "Confirmed",
      "sellerName": "Chris Gilmour",
      "revenue": 2152.18
    },
    {
      "orderId": 152,
      "orderDate": "2021-05-29T19:10:54Z",
      "status": "Confirmed",
      "sellerName": "Beth North",
      "revenue": 1882.77
    },
    {
      "orderId": 153,
      "orderDate": "2021-09-20T11:03:24Z",
      "status": "Confirmed",
      "sellerName": "Sahar Elliott",
      "revenue": 441.47
    },
    {
      "orderId": 154,
      "orderDate": "2021-09-09T00:10:03Z",
      "status": "Canceled",
      "sellerName": "Alanna Sumner",
      "revenue": 285.17
    },
    {
      "orderId": 155,
      "orderDate": "2021-02-16T11:42:49Z",
      "status": "Confirmed",
      "sellerName": "Beth North",
      "revenue": 2562.73
    },
    {
      "orderId": 156,
      "orderDate": "2021-04-20T23:53:58Z",
      "status": "Canceled",
      "sellerName": "Alanna Sumner",
      "revenue": 65.55
    },
    {
      "orderId": 157,
      "orderDate": "2020-12-06T10:50:12Z",
      "status": "Canceled",
      "sellerName": "Beth North",
      "revenue": 2392.64
    },
    {
      "orderId": 158,
      "orderDate": "2021-03-08T05:25:29Z",
      "status": "Confirmed",
      "sellerName": "Sahar Elliott",
      "revenue": 1803.07
    },
    {
      "orderId": 159,
      "orderDate": "2021-07-01T23:32:55Z",
      "status": "Canceled",
      "sellerName": "Laura Ponce",
      "revenue": 2260.91
    },
    {
      "orderId": 160,
      "orderDate": "2020-12-18T16:47:14Z",
      "status": "Confirmed",
      "sellerName": "Blade Newman",
      "revenue": 1778.75
    },
    {
      "orderId": 161,
      "orderDate": "2020-12-18T19:13:37Z",
      "status": "Confirmed",
      "sellerName": "Chris Gilmour",
      "revenue": 918.36
    },
    {
      "orderId": 162,
      "orderDate": "2021-01-24T21:06:54Z",
      "status": "Canceled",
      "sellerName": "Beth North",
      "revenue": 692.56
    },
    {
      "orderId": 163,
      "orderDate": "2020-12-16T11:46:28Z",
      "status": "Confirmed",
      "sellerName": "Olive Garrett",
      "revenue": 2341.26
    },
    {
      "orderId": 164,
      "orderDate": "2021-03-05T05:46:21Z",
      "status": "Confirmed",
      "sellerName": "Blade Newman",
      "revenue": 2997.81
    },
    {
      "orderId": 165,
      "orderDate": "2021-03-07T16:09:11Z",
      "status": "Confirmed",
      "sellerName": "Alanna Sumner",
      "revenue": 1759.28
    },
    {
      "orderId": 166,
      "orderDate": "2021-08-19T12:47:51Z",
      "status": "Confirmed",
      "sellerName": "Sahar Elliott",
      "revenue": 1773.42
    },
    {
      "orderId": 167,
      "orderDate": "2020-12-01T13:25:08Z",
      "status": "Canceled",
      "sellerName": "Blade Newman",
      "revenue": 218.52
    },
    {
      "orderId": 168,
      "orderDate": "2021-06-20T18:36:22Z",
      "status": "Canceled",
      "sellerName": "Laura Ponce",
      "revenue": 1970.15
    },
    {
      "orderId": 169,
      "orderDate": "2021-03-22T02:07:26Z",
      "status": "Canceled",
      "sellerName": "Laura Ponce",
      "revenue": 2548.47
    },
    {
      "orderId": 170,
      "orderDate": "2020-12-12T04:29:09Z",
      "status": "Canceled",
      "sellerName": "Chris Gilmour",
      "revenue": 1283.5
    },
    {
      "orderId": 171,
      "orderDate": "2021-07-04T17:46:46Z",
      "status": "Confirmed",
      "sellerName": "Chris Gilmour",
      "revenue": 604.9
    },
    {
      "orderId": 172,
      "orderDate": "2021-09-30T18:09:03Z",
      "status": "Canceled",
      "sellerName": "Alanna Sumner",
      "revenue": 1235.09
    },
    {
      "orderId": 173,
      "orderDate": "2021-07-07T23:27:14Z",
      "status": "Confirmed",
      "sellerName": "Blade Newman",
      "revenue": 236.39
    },
    {
      "orderId": 174,
      "orderDate": "2021-06-20T01:00:42Z",
      "status": "Confirmed",
      "sellerName": "Olive Garrett",
      "revenue": 964.75
    },
    {
      "orderId": 175,
      "orderDate": "2021-03-23T06:11:58Z",
      "status": "Confirmed",
      "sellerName": "Sahar Elliott",
      "revenue": 1894.44
    },
    {
      "orderId": 176,
      "orderDate": "2020-12-29T00:04:59Z",
      "status": "Confirmed",
      "sellerName": "Sahar Elliott",
      "revenue": 756.42
    },
    {
      "orderId": 177,
      "orderDate": "2021-01-01T03:56:52Z",
      "status": "Canceled",
      "sellerName": "Alanna Sumner",
      "revenue": 442.81
    },
    {
      "orderId": 178,
      "orderDate": "2021-08-17T06:37:08Z",
      "status": "Confirmed",
      "sellerName": "Alanna Sumner",
      "revenue": 2567.71
    },
    {
      "orderId": 179,
      "orderDate": "2021-10-19T05:15:54Z",
      "status": "Canceled",
      "sellerName": "Blade Newman",
      "revenue": 360.21
    },
    {
      "orderId": 180,
      "orderDate": "2021-01-09T09:10:52Z",
      "status": "Confirmed",
      "sellerName": "Laura Ponce",
      "revenue": 2899.2
    },
    {
      "orderId": 181,
      "orderDate": "2021-04-16T22:11:38Z",
      "status": "Confirmed",
      "sellerName": "Sahar Elliott",
      "revenue": 1076.17
    },
    {
      "orderId": 182,
      "orderDate": "2021-10-24T22:14:08Z",
      "status": "Confirmed",
      "sellerName": "Chris Gilmour",
      "revenue": 577.79
    },
    {
      "orderId": 183,
      "orderDate": "2021-07-16T13:21:36Z",
      "status": "Confirmed",
      "sellerName": "Blade Newman",
      "revenue": 1470.06
    },
    {
      "orderId": 184,
      "orderDate": "2020-12-30T14:36:48Z",
      "status": "Confirmed",
      "sellerName": "Olive Garrett",
      "revenue": 146.81
    },
    {
      "orderId": 185,
      "orderDate": "2021-07-19T17:23:53Z",
      "status": "Confirmed",
      "sellerName": "Olive Garrett",
      "revenue": 1757.83
    },
    {
      "orderId": 186,
      "orderDate": "2021-07-12T05:55:20Z",
      "status": "Canceled",
      "sellerName": "Olive Garrett",
      "revenue": 1112.37
    },
    {
      "orderId": 187,
      "orderDate": "2020-12-21T11:45:28Z",
      "status": "Confirmed",
      "sellerName": "Olive Garrett",
      "revenue": 2840.61
    },
    {
      "orderId": 188,
      "orderDate": "2021-01-13T12:01:09Z",
      "status": "Confirmed",
      "sellerName": "Blade Newman",
      "revenue": 1911.7
    },
    {
      "orderId": 189,
      "orderDate": "2021-01-06T23:51:11Z",
      "status": "Canceled",
      "sellerName": "Beth North",
      "revenue": 804.47
    },
    {
      "orderId": 190,
      "orderDate": "2020-12-07T13:06:42Z",
      "status": "Confirmed",
      "sellerName": "Olive Garrett",
      "revenue": 1374.6
    },
    {
      "orderId": 191,
      "orderDate": "2021-07-30T08:05:29Z",
      "status": "Canceled",
      "sellerName": "Chris Gilmour",
      "revenue": 627.0
    },
    {
      "orderId": 192,
      "orderDate": "2021-04-08T11:36:17Z",
      "status": "Canceled",
      "sellerName": "Beth North",
      "revenue": 1863.64
    },
    {
      "orderId": 193,
      "orderDate": "2021-09-27T02:29:14Z",
      "status": "Confirmed",
      "sellerName": "Beth North",
      "revenue": 546.61
    },
    {
      "orderId": 194,
      "orderDate": "2021-08-10T11:43:39Z",
      "status": "Confirmed",
      "sellerName": "Alanna Sumner",
      "revenue": 2338.15
    },
    {
      "orderId": 195,
      "orderDate": "2021-02-13T00:08:20Z",
      "status": "Confirmed",
      "sellerName": "Blade Newman",
      "revenue": 2530.86
    },
    {
      "orderId": 196,
      "orderDate": "2021-05-25T07:36:53Z",
      "status": "Confirmed",
      "sellerName": "Blade Newman",
      "revenue": 2953.95
    },
    {
      "orderId": 197,
      "orderDate": "2021-06-26T04:59:49Z",
      "status": "Confirmed",
      "sellerName": "Alanna Sumner",
      "revenue": 262.21
    },
    {
      "orderId": 198,
      "orderDate": "2021-05-06T00:19:58Z",
      "status": "Canceled",
      "sellerName": "Chris Gilmour",
      "revenue": 2648.0
    },
    {
      "orderId": 199,
      "orderDate": "2021-10-29T04:41:29Z",
      "status": "Confirmed",
      "sellerName": "Olive Garrett",
      "revenue": 1533.6
    },
    {
      "orderId": 200,
      "orderDate": "2021-05-24T18:00:09Z",
      "status": "Confirmed",
      "sellerName": "Olive Garrett",
      "revenue": 921.75
    }
  ]
}